@article{miettinen2017blind,
  title={Blind source separation based on joint diagonalization in R: The packages JADE and BSSasymp},
  author={Miettinen, Jari and Nordhausen, Klaus and Taskinen, Sara},
  journal={Journal of Statistical Software},
  volume={76},
  year={2017},
  publisher={Foundation for Open Access Statistics}
}
@article{miettinen2016separation,
  title={Separation of uncorrelated stationary time series using autocovariance matrices},
  author={Miettinen, Jari and Illner, Katrin and Nordhausen, Klaus and Oja, Hannu and Taskinen, Sara and Theis, Fabian J},
  journal={Journal of Time Series Analysis},
  volume={37},
  number={3},
  pages={337--354},
  year={2016},
  publisher={Wiley Online Library}
}
@inproceedings{yeredor2003tv,
  title={TV-SOBI: An expansion of SOBI for linearly time-varying mixtures},
  author={Yeredor, Arie},
  booktitle={Proc. 4th International Symposium on Independent Component Analysis and Blind Source Separation (ICAâ€™03), Nara, Japan},
  year={2003}
}