@Book{xie2015,
  title = {Dynamic Documents with {R} and knitr},
  author = {Yihui Xie},
  publisher = {Chapman and Hall/CRC},
  address = {Boca Raton, Florida},
  year = {2015},
  edition = {2nd},
  note = {ISBN 978-1498716963},
  url = {http://yihui.name/knitr/},
}
@inproceedings{yeredor2003tv,
  title={TV-SOBI: An expansion of SOBI for linearly time-varying mixtures},
  author={Yeredor, Arie},
  booktitle={Proc. 4th International Symposium on Independent Component Analysis and Blind Source Separation (ICAâ€™03), Nara, Japan},
  year={2003}
}
@article{miettinen2016separation,
  title={Separation of uncorrelated stationary time series using autocovariance matrices},
  author={Miettinen, Jari and Illner, Katrin and Nordhausen, Klaus and Oja, Hannu and Taskinen, Sara and Theis, Fabian J},
  journal={Journal of Time Series Analysis},
  volume={37},
  number={3},
  pages={337--354},
  year={2016},
  publisher={Wiley Online Library}
}
@article{hyvarinen2013independent,
  title={Independent component analysis: recent advances},
  author={Hyv{\"a}rinen, Aapo},
  journal={Phil. Trans. R. Soc. A},
  volume={371},
  number={1984},
  pages={20110534},
  year={2013},
  publisher={The Royal Society}
}
@Manual{packageMatrix,
    title = {Matrix: Sparse and dense matrix classes and methods},
    author = {Douglas Bates and Martin Maechler},
    year = {2018},
    note = {R package version 1.2-14},
    url = {https://CRAN.R-project.org/package=Matrix},
}
@article{miettinen2017blind,
  title={Blind source separation based on joint diagonalization in R: The packages JADE and BSSasymp},
  author={Miettinen, Jari and Nordhausen, Klaus and Taskinen, Sara},
  journal={Journal of Statistical Software},
  volume={76},
  year={2017},
  publisher={Foundation for Open Access Statistics}
}
@article{hyvarinen2000independent,
  title={Independent component analysis: algorithms and applications},
  author={Hyv{\"a}rinen, Aapo and Oja, Erkki},
  journal={Neural networks},
  volume={13},
  number={4-5},
  pages={411--430},
  year={2000},
  publisher={Elsevier}
}
@inproceedings{tong1990amuse,
  title={AMUSE: a new blind identification algorithm},
  author={Tong, Lang and Soon, VC and Huang, YF and Liu, RALR},
  booktitle={Circuits and Systems, 1990., IEEE International Symposium on},
  pages={1784--1787},
  year={1990},
  organization={IEEE}
}
@article{belouchrani1997blind,
  title={A blind source separation technique using second-order statistics},
  author={Belouchrani, Adel and Abed-Meraim, Karim and Cardoso, J-F and Moulines, Eric},
  journal={IEEE Transactions on signal processing},
  volume={45},
  number={2},
  pages={434--444},
  year={1997},
  publisher={IEEE}
}
@article{nordhausen2014robustifying,
  title={On robustifying some second order blind source separation methods for nonstationary time series},
  author={Nordhausen, Klaus},
  journal={Statistical Papers},
  volume={55},
  number={1},
  pages={141--156},
  year={2014},
  publisher={Springer}
}
@book{james2013introduction,
  title={An introduction to statistical learning},
  author={James, Gareth and Witten, Daniela and Hastie, Trevor and Tibshirani, Robert},
  volume={112},
  year={2013},
  page={373--374},
  publisher={Springer}
}
@inproceedings{ilmonen2010new,
  title={A new performance index for ICA: properties, computation and asymptotic analysis},
  author={Ilmonen, Pauliina and Nordhausen, Klaus and Oja, Hannu and Ollila, Esa},
  booktitle={International Conference on Latent Variable Analysis and Signal Separation},
  pages={229--236},
  year={2010},
  organization={Springer}
}
@article{comon1994independent,
  title={Independent component analysis, a new concept?},
  author={Comon, Pierre},
  journal={Signal processing},
  volume={36},
  number={3},
  pages={287--314},
  year={1994},
  publisher={Elsevier}
}
@inproceedings{weisman2006separation,
  title={Separation of periodically time-varying mixtures using second-order statistics},
  author={Weisman, Tzahi and Yeredor, Arie},
  booktitle={International Conference on Independent Component Analysis and Signal Separation},
  pages={278--285},
  year={2006},
  organization={Springer}
}
@inproceedings{kaftory2007probabilistic,
  title={Probabilistic geometric approach to blind separation of time-varying mixtures},
  author={Kaftory, Ran and Zeevi, Yehoshua Y},
  booktitle={International Conference on Independent Component Analysis and Signal Separation},
  pages={373--380},
  year={2007},
  organization={Springer}
}
@book{papoulis2002probability,
  title={Probability, random variables, and stochastic processes},
  author={Papoulis, Athanasios and Pillai, S Unnikrishna},
  year={2002},
  publisher={Tata McGraw-Hill Education}
}
@book{myers1990classical,
  title={Classical and modern regression with applications},
  author={Myers, Raymond H and Myers, Raymond H},
  volume={2},
  year={1990},
  publisher={Duxbury Press Belmont, CA}
}
@article{yeredor2002non,
  title={Non-orthogonal joint diagonalization in the least-squares sense with application in blind source separation},
  author={Yeredor, Arie},
  journal={IEEE Transactions on signal processing},
  volume={50},
  number={7},
  pages={1545--1553},
  year={2002},
  publisher={IEEE}
}
@article{li2007nonorthogonal,
  title={Nonorthogonal joint diagonalization free of degenerate solution},
  author={Li, Xi-Lin and Zhang, Xian-Da},
  journal={IEEE Transactions on Signal Processing},
  volume={55},
  number={5},
  pages={1803--1814},
  year={2007},
  publisher={IEEE}
}
@article{cheng1998modified,
  title={A modified Cholesky algorithm based on a symmetric indefinite factorization},
  author={Cheng, Sheung Hun and Higham, Nicholas J},
  journal={SIAM Journal on Matrix Analysis and Applications},
  volume={19},
  number={4},
  pages={1097--1110},
  year={1998},
  publisher={SIAM}
}
@article{knol1989least,
  title={Least-squares approximation of an improper correlation matrix by a proper one},
  author={Knol, Dirk L and ten Berge, Jos MF},
  journal={Psychometrika},
  volume={54},
  number={1},
  pages={53--61},
  year={1989},
  publisher={Springer}
}
@article{na2013performance,
  title={Performance evaluation for frequency domain blind source separation algorithms},
  author={Na, Yueyue and Chai, Bianfang},
  journal={Journal of Computational Information Systems},
  volume={9},
  number={18},
  pages={7369--7379},
  year={2013},
  publisher={Citeseer}
}
@article{vincent2006performance,
  title={Performance measurement in blind audio source separation},
  author={Vincent, Emmanuel and Gribonval, R{\'e}mi and F{\'e}votte, C{\'e}dric},
  journal={IEEE transactions on audio, speech, and language processing},
  volume={14},
  number={4},
  pages={1462--1469},
  year={2006},
  publisher={IEEE}
}
@inproceedings{eriksson2000source,
  title={Source distribution adaptive maximum likelihood estimation of ICA model},
  author={Eriksson, Jan and Karvanen, Juha and Koivunen, Visa},
  booktitle={Proceedings of the 2nd International Conference on ICA and BSS},
  pages={227--232},
  year={2000}
}